@article{maxam1979sequencing,
  title={Sequencing end-labeled DNA with base-specific chemical cleavages.},
  author={Maxam, Allan M and Gilbert, Walter},
  journal={Methods in enzymology},
  volume={65},
  number={1},
  pages={499--560},
  year={1979}
}

@article{sanger1977dna,
  title={DNA sequencing with chain-terminating inhibitors},
  author={Sanger, Frederick and Nicklen, Steven and Coulson, Alan R},
  journal={Proceedings of the National Academy of Sciences},
  volume={74},
  number={12},
  pages={5463--5467},
  year={1977},
  publisher={National Acad Sciences}
}


@article{zerbino2008velvet,
  title={Velvet: algorithms for de novo short read assembly using de Bruijn graphs},
  author={Zerbino, Daniel R and Birney, Ewan},
  journal={Genome research},
  volume={18},
  number={5},
  pages={821--829},
  year={2008},
  publisher={Cold Spring Harbor Lab}
}

@article{myers2005fragment,
  title={The fragment assembly string graph},
  author={Myers, Eugene W},
  journal={Bioinformatics},
  volume={21},
  number={suppl 2},
  pages={ii79--ii85},
  year={2005},
  publisher={Oxford Univ Press}
}

@article{brightwell2004note,
  title={Note on counting Eulerian circuits},
  author={Brightwell, Graham R and Winkler, Peter},
  journal={lanl. arXiv. org},
  year={2004},
  publisher={Citeseer}
}



@article{ukkonen1985algorithms,
  title={Algorithms for approximate string matching},
  author={Ukkonen, Esko},
  journal={Information and control},
  volume={64},
  number={1},
  pages={100--118},
  year={1985},
  publisher={Elsevier}
}

@inproceedings{peng2010idba,
  title={IDBA--a practical iterative de Bruijn graph de novo assembler},
  author={Peng, Yu and Leung, Henry CM and Yiu, Siu-Ming and Chin, Francis YL},
  booktitle={Research in Computational Molecular Biology},
  pages={426--440},
  year={2010},
  organization={Springer}
}


@article{peng2012idba,
  title={IDBA-UD: a de novo assembler for single-cell and metagenomic sequencing data with highly uneven depth},
  author={Peng, Yu and Leung, Henry CM and Yiu, Siu-Ming and Chin, Francis YL},
  journal={Bioinformatics},
  volume={28},
  number={11},
  pages={1420--1428},
  year={2012},
  publisher={Oxford Univ Press}
}

@article{bankevich2012spades,
  title={SPAdes: a new genome assembly algorithm and its applications to single-cell sequencing},
  author={Bankevich, Anton and Nurk, Sergey and Antipov, Dmitry and Gurevich, Alexey A and Dvorkin, Mikhail and Kulikov, Alexander S and Lesin, Valery M and Nikolenko, Sergey I and Pham, Son and Prjibelski, Andrey D and others},
  journal={Journal of Computational Biology},
  volume={19},
  number={5},
  pages={455--477},
  year={2012},
  publisher={Mary Ann Liebert, Inc. 140 Huguenot Street, 3rd Floor New Rochelle, NY 10801 USA}
}


@article{prjibelski2014exspander,
  title={ExSPAnder: a universal repeat resolver for DNA fragment assembly},
  author={Prjibelski, Andrey D and Vasilinetc, Irina and Bankevich, Anton and Gurevich, Alexey and Krivosheeva, Tatiana and Nurk, Sergey and Pham, Son and Korobeynikov, Anton and Lapidus, Alla and Pevzner, Pavel A},
  journal={Bioinformatics},
  volume={30},
  number={12},
  pages={i293--i301},
  year={2014},
  publisher={Oxford Univ Press}
}


@article{bresler2012telescoper,
  title={Telescoper: de novo assembly of highly repetitive regions},
  author={Bresler, Ma'ayan and Sheehan, Sara and Chan, Andrew H and Song, Yun S},
  journal={Bioinformatics},
  volume={28},
  number={18},
  pages={i311--i317},
  year={2012},
  publisher={Oxford Univ Press}
}


@article{wick2015bandage,
  title={Bandage: interactive visualisation of de novo genome assemblies},
  author={Wick, Ryan R and Schultz, Mark B and Zobel, Justin and Holt, Kathryn E},
  journal={bioRxiv},
  pages={018333},
  year={2015},
  publisher={Cold Spring Harbor Labs Journals}
}


@article{kececioglu1995combinatorial,
  title={Combinatorial algorithms for DNA sequence assembly},
  author={Kececioglu, John D and Myers, Eugene W},
  journal={Algorithmica},
  volume={13},
  number={1-2},
  pages={7--51},
  year={1995},
  publisher={Springer}
}

@article{myers1995toward,
  title={Toward simplifying and accurately formulating fragment assembly},
  author={Myers, Eugene W},
  journal={Journal of Computational Biology},
  volume={2},
  number={2},
  pages={275--290},
  year={1995}
}

@article{medvedev2009maximum,
  title={Maximum likelihood genome assembly},
  author={Medvedev, Paul and Brudno, Michael},
  journal={Journal of computational Biology},
  volume={16},
  number={8},
  pages={1101--1116},
  year={2009},
  publisher={Mary Ann Liebert, Inc. 140 Huguenot Street, 3rd Floor New Rochelle, NY 10801 USA}
}


@article{pevzner2001eulerian,
  title={An Eulerian path approach to DNA fragment assembly},
  author={Pevzner, Pavel A and Tang, Haixu and Waterman, Michael S},
  journal={Proceedings of the National Academy of Sciences},
  volume={98},
  number={17},
  pages={9748--9753},
  year={2001},
  publisher={National Acad Sciences}
}


@article{bresler2013optimal,
  title={Optimal assembly for high throughput shotgun sequencing},
  author={Bresler, Guy and Bresler, Ma'ayan and Tse, David},
  journal={BMC bioinformatics},
  volume={14},
  number={Suppl 5},
  pages={S18},
  year={2013},
  publisher={BioMed Central Ltd}
}


@article{chin2013nonhybrid,
  title={Nonhybrid, finished microbial genome assemblies from long-read SMRT sequencing data},
  author={Chin, Chen-Shan and Alexander, David H and Marks, Patrick and Klammer, Aaron A and Drake, James and Heiner, Cheryl and Clum, Alicia and Copeland, Alex and Huddleston, John and Eichler, Evan E and others},
  journal={Nature methods},
  volume={10},
  number={6},
  pages={563--569},
  year={2013},
  publisher={Nature Publishing Group}
}



@article{loman2015,
  doi = {10.1038/nmeth.3444},
  url = {http://dx.doi.org/10.1038/nmeth.3444},
  year  = {2015},
  month = {jun},
  publisher = {Nature Publishing Group},
  volume = {12},
  number = {8},
  pages = {733--735},
  author = {Nicholas J Loman and Joshua Quick and Jared T Simpson},
  title = {A complete bacterial genome assembled de novo using only nanopore sequencing data},
  journal = {Nature Methods}
}


@article{McCoy2014,
  doi = {10.1371/journal.pone.0106689},
  url = {http://dx.doi.org/10.1371/journal.pone.0106689},
  year  = {2014},
  month = {sep},
  publisher = {Public Library of Science ({PLoS})},
  volume = {9},
  number = {9},
  pages = {e106689},
  author = {Rajiv C. McCoy and Ryan W. Taylor and Timothy A. Blauwkamp and Joanna L. Kelley and Michael Kertesz and Dmitry Pushkarev and Dmitri A. Petrov and Anna-Sophie Fiston-Lavier},
  editor = {Nadia Singh},
  title = {Illumina {TruSeq} Synthetic Long-Reads Empower De Novo Assembly and Resolve Complex,  Highly-Repetitive Transposable Elements},
  journal = {{PLoS} {ONE}}
}

@article{burton2013chromosome,
  title={Chromosome-scale scaffolding of de novo genome assemblies based on chromatin interactions},
  author={Burton, Joshua N and Adey, Andrew and Patwardhan, Rupali P and Qiu, Ruolan and Kitzman, Jacob O and Shendure, Jay},
  journal={Nature biotechnology},
  volume={31},
  number={12},
  pages={1119--1125},
  year={2013},
  publisher={Nature Publishing Group}
}


@inproceedings{peng2010idba,
  title={IDBA--a practical iterative de Bruijn graph de novo assembler},
  author={Peng, Yu and Leung, Henry CM and Yiu, Siu-Ming and Chin, Francis YL},
  booktitle={Research in Computational Molecular Biology},
  pages={426--440},
  year={2010},
  organization={Springer}
}


@article{peng2012idba,
  title={IDBA-UD: a de novo assembler for single-cell and metagenomic sequencing data with highly uneven depth},
  author={Peng, Yu and Leung, Henry CM and Yiu, Siu-Ming and Chin, Francis YL},
  journal={Bioinformatics},
  volume={28},
  number={11},
  pages={1420--1428},
  year={2012},
  publisher={Oxford Univ Press}
}

@article{simpson2010efficient,
  title={Efficient construction of an assembly string graph using the FM-index},
  author={Simpson, Jared T and Durbin, Richard},
  journal={Bioinformatics},
  volume={26},
  number={12},
  pages={i367--i373},
  year={2010},
  publisher={Oxford Univ Press}
}


@incollection{myers2014efficient,
  title={Efficient local alignment discovery amongst noisy long reads},
  author={Myers, Gene},
  booktitle={Algorithms in Bioinformatics},
  pages={52--67},
  year={2014},
  publisher={Springer}
}


@article{motahari2013information,
  title={Information theory of DNA shotgun sequencing},
  author={Motahari, Abolfazl S and Bresler, Guy and Tse, David NC},
  journal={Information Theory, IEEE Transactions on},
  volume={59},
  number={10},
  pages={6273--6289},
  year={2013},
  publisher={IEEE}
}